@article{einstein1905molekularkinetischen,
  title={{\"U}ber die von der molekularkinetischen Theorie der W{\"a}rme geforderte Bewegung von in ruhenden Fl{\"u}ssigkeiten suspendierten Teilchen},
  author={Einstein, Albert},
  journal={Annalen der physik},
  volume={4},
  year={1905}
}
